<?xml version="1.0" encoding="utf-8"?>
<record xmlns="http://www.loc.gov/MARC21/slim" xmlns:xsi="http://www.w3.org/2001/XMLSchema-instance" xsi:schemaLocation="http://www.loc.gov/MARC21/slim http://www.loc.gov/standards/marcxml/schema/MARC21slim.xsd">
	<leader>     nam a22        4500</leader>
	<controlfield tag="001">1935583</controlfield>
	<controlfield tag="003">NIC</controlfield>
	<controlfield tag="006">m        d        </controlfield>
	<controlfield tag="007">cr cn |||m|||a</controlfield>
	<controlfield tag="008">150505r19701905iq      ob    001 0 arard</controlfield>
	<datafield ind1=" " ind2=" " tag="040">
		<subfield code="a">NNU</subfield>
		<subfield code="b">eng</subfield>
		<subfield code="e">rda</subfield>
		<subfield code="c">NNU</subfield>
	</datafield>
	<datafield ind1="0" ind2=" " tag="041">
		<subfield code="a">ara</subfield>
		<subfield code="a">ger</subfield>
	</datafield>
	<datafield ind1=" " ind2="4" tag="050">
		<subfield code="a">PJ6601</subfield>
		<subfield code="b">.T45 1970z</subfield>
	</datafield>
	<datafield ind1="0" ind2=" " tag="130">
		<subfield code="a">Texte zur arabischen Lexikographie.</subfield>
	</datafield>
	<datafield ind1="1" ind2="3" tag="245">
		<subfield code="6">880-01</subfield>
		<subfield code="a">al-Kanz al-lughawī fī al-lasan al-ʻArabī :</subfield>
		<subfield code="b">naqlan ʻan nusakh qadīmah /</subfield>
		<subfield code="c">saʻá fī nashrihi wa-taʻlīq ḥawāshīhi Ūghust Hafnir.</subfield>
	</datafield>
	<datafield ind1="1" ind2="5" tag="246">
		<subfield code="a">Texte zur arabischen Lexikographie</subfield>
	</datafield>
	<datafield ind1=" " ind2=" " tag="260">
		<subfield code="6">880-02</subfield>
		<subfield code="a">Baghdād :</subfield>
		<subfield code="b">Aʻādat ṭabʻahu bi-al-ūfsit Maktabat al-Muthanná,</subfield>
		<subfield code="c">[1970?]</subfield>
	</datafield>
	<datafield ind1=" " ind2=" " tag="300">
		<subfield code="a">online resource (328, 73, xiv pages)</subfield>
	</datafield>
	<datafield ind1=" " ind2=" " tag="336">
		<subfield code="a">text</subfield>
		<subfield code="2">rdacontent</subfield>
	</datafield>
	<datafield ind1=" " ind2=" " tag="337">
		<subfield code="a">computer</subfield>
		<subfield code="2">rdamedia</subfield>
	</datafield>
	<datafield ind1=" " ind2=" " tag="338">
		<subfield code="a">online resource</subfield>
		<subfield code="2">rdacarrier</subfield>
	</datafield>
	<datafield ind1=" " ind2=" " tag="500">
		<subfield code="a">Part of the Arabic Collections Online (ACO) project, contributed by Cornell University Libraries.</subfield>
	</datafield>
	<datafield ind1=" " ind2=" " tag="533">
		<subfield code="a">Electronic reproduction.</subfield>
		<subfield code="b">New York, N.Y. :</subfield>
		<subfield code="c">New York University,</subfield>
		<subfield code="d">2015.</subfield>
		<subfield code="5">NNU</subfield>
	</datafield>
	<datafield ind1=" " ind2=" " tag="546">
		<subfield code="a">Text in Arabic (vocalized); preface and notes in German.</subfield>
	</datafield>
	<datafield ind1=" " ind2=" " tag="534">
		<subfield code="p">Reprint. Originally published:</subfield>
		<subfield code="c">Leipzig : Otto Harrassowitz, 1905.</subfield>
	</datafield>
	<datafield ind1=" " ind2=" " tag="500">
		<subfield code="a">&quot;Die 'Texte ... ' enthalten ... Das 'Kitâb al-ḳalb u al-ʼibdâl' von Ibn es-Sikkît, sowie zwei Abhandlungen von al-ʼAṣmaʻî ... das 'Kitâb el-ʼibil' in zwei verschiedenen Redaktionen und das 'Kitâb ḫalḳ el-ʼinsân'.&quot;--Page [iii].</subfield>
	</datafield>
	<datafield ind1=" " ind2=" " tag="500">
		<subfield code="a">Preliminary pages in German incorrectly bound: [iii]-xiv.</subfield>
	</datafield>
	<datafield ind1=" " ind2=" " tag="504">
		<subfield code="a">Includes bibliographical references and indexes.</subfield>
	</datafield>
	<datafield ind1="0" ind2="0" tag="505">
		<subfield code="6">880-03</subfield>
		<subfield code="t">Kitāb al-Qalb wa-al-ibdāl /</subfield>
		<subfield code="r">ṣanʻat Abī Yūsuf Yaʻqūb ibn Isḥāq al-Sikkīt --</subfield>
		<subfield code="t">Kitāb al-Ibil /</subfield>
		<subfield code="r">ʻan al-Aṣmaʻī --</subfield>
		<subfield code="t">Kitāb Khalq al-insān /</subfield>
		<subfield code="r">taʼlīf Abī Saʻīd ʻAbd al-Malik ibn Qurayb al-Aṣmaʻī.</subfield>
	</datafield>
	<datafield ind1=" " ind2=" " tag="500">
		<subfield code="a">Arabic t.p. dated: 1903.</subfield>
	</datafield>
	<datafield ind1=" " ind2="0" tag="650">
		<subfield code="a">Arabic language</subfield>
		<subfield code="x">Lexicography</subfield>
		<subfield code="v">Early works to 1800.</subfield>
	</datafield>
	<datafield ind1=" " ind2="7" tag="650">
		<subfield code="a">Arabic language</subfield>
		<subfield code="x">Lexicography.</subfield>
		<subfield code="2">fast</subfield>
		<subfield code="0">(OCoLC)fst00812371</subfield>
	</datafield>
	<datafield ind1=" " ind2="7" tag="655">
		<subfield code="a">Early works.</subfield>
		<subfield code="2">fast</subfield>
		<subfield code="0">(OCoLC)fst01411636</subfield>
	</datafield>
	<datafield ind1="1" ind2=" " tag="700">
		<subfield code="6">880-04</subfield>
		<subfield code="a">Haffner, Auguste.</subfield>
	</datafield>
	<datafield ind1="0" ind2="2" tag="700">
		<subfield code="6">880-05</subfield>
		<subfield code="a">Ibn al-Sikkīt,</subfield>
		<subfield code="d">-857 or 858.</subfield>
		<subfield code="t">Qalb wa-al-ibdāl.</subfield>
	</datafield>
	<datafield ind1="1" ind2="2" tag="700">
		<subfield code="6">880-06</subfield>
		<subfield code="a">Aṣmaʻī, ʻAbd al-Malik ibn Qurayb,</subfield>
		<subfield code="d">740-approximately 828.</subfield>
		<subfield code="t">Ibil.</subfield>
	</datafield>
	<datafield ind1="1" ind2="2" tag="700">
		<subfield code="6">880-07</subfield>
		<subfield code="a">Aṣmaʻī, ʻAbd al-Malik ibn Qurayb,</subfield>
		<subfield code="d">740-approximately 828.</subfield>
		<subfield code="t">Khalq al-insān.</subfield>
	</datafield>
	<datafield ind1="2" ind2=" " tag="710">
		<subfield code="a">Cornell University.</subfield>
		<subfield code="b">Libraries.</subfield>
	</datafield>
	<datafield ind1="0" ind2=" " tag="730">
		<subfield code="a">Arabic Collections Online.</subfield>
	</datafield>
	<datafield ind1="0" ind2="8" tag="776">
		<subfield code="i">Online version:</subfield>
		<subfield code="a">Texte zur arabischen Lexikographie.</subfield>
		<subfield code="t">Kanz al-lughawī fī al-lasan al-ʻArabī.</subfield>
		<subfield code="d">Baghdād : Aʻādat ṭabʻahu bi-al-ūfsit Maktabat al-Muthanná, [1970?]</subfield>
		<subfield code="w">(OCoLC)855507775</subfield>
	</datafield>
	<datafield ind1="0" ind2="8" tag="776">
		<subfield code="i">Print version:</subfield>
		<subfield code="t">al-Kanz al-lughawī fī al-lasan al-ʻArabī</subfield>
		<subfield code="w">(NIC)1935583</subfield>
		<subfield code="w">(OCoLC)31084592</subfield>
	</datafield>
	<datafield ind1="4" ind2="0" tag="856">
		<subfield code="u">http://hdl.handle.net/2333.1/73n5td8n</subfield>
	</datafield>
	<datafield ind1="1" ind2="2" tag="880">
		<subfield code="6">245-01/r</subfield>
		<subfield code="a">الكنز اللغوي في اللسن العربي :</subfield>
		<subfield code="b">نقلاً عن نسخ قديمة /</subfield>
		<subfield code="c">سعى في نشره وتعليق حواشيه أوغست هفنر.</subfield>
	</datafield>
	<datafield ind1=" " ind2=" " tag="880">
		<subfield code="6">260-02/r</subfield>
		<subfield code="a">بغداد :</subfield>
		<subfield code="b">أعادت طبعه بالاوفست مكتبة المثنى،</subfield>
		<subfield code="c">[1970؟]</subfield>
	</datafield>
	<datafield ind1="0" ind2="0" tag="880">
		<subfield code="6">505-03/r</subfield>
		<subfield code="t">كتاب القلب والإبدال /</subfield>
		<subfield code="r">صنعة أبي يوسف يعقوب بن إسحاق السكيت --</subfield>
		<subfield code="t">كتاب الإبل /</subfield>
		<subfield code="r">عن الأصمعي --</subfield>
		<subfield code="t">كتاب خلق الإنسان /</subfield>
		<subfield code="r">تأليف أبي سعيد عبد الملك بن قريب الأصمعي.</subfield>
	</datafield>
	<datafield ind1="1" ind2=" " tag="880">
		<subfield code="6">700-04/r</subfield>
		<subfield code="a">هفنر، أوغست.</subfield>
	</datafield>
	<datafield ind1="0" ind2="2" tag="880">
		<subfield code="6">700-05/r</subfield>
		<subfield code="a">ابن السكيت،,</subfield>
		<subfield code="d">-857 or 858. </subfield>
		<subfield code="t">قلب والإبدال.</subfield>
	</datafield>
	<datafield ind1="1" ind2="2" tag="880">
		<subfield code="6">700-06/r</subfield>
		<subfield code="a">أصمعي، عبد الملك بن قريب،</subfield>
		<subfield code="d">740-نحو 828.</subfield>
		<subfield code="t">إبل.</subfield>
	</datafield>
	<datafield ind1="1" ind2="2" tag="880">
		<subfield code="6">700-07/r</subfield>
		<subfield code="a">أصمعي، عبد الملك بن قريب،</subfield>
		<subfield code="d">740-approximately 828.</subfield>
		<subfield code="t">خلق الإنسان.</subfield>
	</datafield>
	<datafield ind1=" " ind2=" " tag="959">
		<subfield code="a">NNU</subfield>
		<subfield code="b">WEB</subfield>
		<subfield code="c">GENI</subfield>
		<subfield code="t">0</subfield>
		<subfield code="m">Electronic access</subfield>
		<subfield code="s">01</subfield>
	</datafield>
	<datafield ind1=" " ind2=" " tag="999">
		<subfield code="i">NIC_1935583</subfield>
		<subfield code="o">(OCoLC)ocm31084592</subfield>
		<subfield code="e">ok</subfield>
		<subfield code="s">cornell_aco000121</subfield>
	</datafield>
</record>
